
@book{ Varian2014,
    title = "Intermediate Microeconomics with Calculus",
    author    = "Varian, Hal R.",
    year      = 2014,
    publisher = "W.W. Norton and Company",
    address   = "NY"
}